% 本来は {名 姓} という順番で指定するのだが、和名だとおかしなことになってしまうので {姓 名} の順にする
@book{thermo,
  author = "菊川 芳夫",
  editor = "二宮 正夫 and 北原 和夫 and 並木 雅俊 and 杉山 忠男",
  title = "熱力学",
  year = "2010",
  month = "11",
  publisher = "講談社",
  ISSN/ISBN = "9784061572034 [4061572032] (: electronic bk)",
  series = "講談社基礎物理学シリーズ; 3",
  URL = "https://www.kspub.co.jp/book/detail/1572034.html",
}
